[gd_scene load_steps=46 format=3 uid="uid://5wtxgpvkhm8x"]

[ext_resource type="Script" path="res://Scripts/player_controller_tile-based.gd" id="1_gtc8q"]
[ext_resource type="Texture2D" uid="uid://b2wcmk85mx37p" path="res://Graphics/Spritesheets/Idle-Anim.png" id="2_vq7ij"]
[ext_resource type="Texture2D" uid="uid://d3mlml4f42kyn" path="res://Graphics/Spritesheets/Walk-Anim.png" id="3_sgc2u"]

[sub_resource type="AtlasTexture" id="AtlasTexture_oinv8"]
atlas = ExtResource("2_vq7ij")
region = Rect2(0, 0, 32, 32)

[sub_resource type="AtlasTexture" id="AtlasTexture_bepo0"]
atlas = ExtResource("2_vq7ij")
region = Rect2(32, 0, 32, 32)

[sub_resource type="AtlasTexture" id="AtlasTexture_tyflc"]
atlas = ExtResource("2_vq7ij")
region = Rect2(64, 0, 32, 32)

[sub_resource type="AtlasTexture" id="AtlasTexture_g38qv"]
atlas = ExtResource("2_vq7ij")
region = Rect2(96, 0, 32, 32)

[sub_resource type="AtlasTexture" id="AtlasTexture_i11jv"]
atlas = ExtResource("2_vq7ij")
region = Rect2(128, 0, 32, 32)

[sub_resource type="AtlasTexture" id="AtlasTexture_x01y2"]
atlas = ExtResource("2_vq7ij")
region = Rect2(160, 0, 32, 32)

[sub_resource type="AtlasTexture" id="AtlasTexture_yclmw"]
atlas = ExtResource("2_vq7ij")
region = Rect2(0, 238, 32, 32)

[sub_resource type="AtlasTexture" id="AtlasTexture_mynws"]
atlas = ExtResource("2_vq7ij")
region = Rect2(32, 238, 32, 32)

[sub_resource type="AtlasTexture" id="AtlasTexture_x1563"]
atlas = ExtResource("2_vq7ij")
region = Rect2(64, 238, 32, 32)

[sub_resource type="AtlasTexture" id="AtlasTexture_dnbe2"]
atlas = ExtResource("2_vq7ij")
region = Rect2(96, 238, 32, 32)

[sub_resource type="AtlasTexture" id="AtlasTexture_3crqn"]
atlas = ExtResource("2_vq7ij")
region = Rect2(128, 238, 32, 32)

[sub_resource type="AtlasTexture" id="AtlasTexture_0pc7n"]
atlas = ExtResource("2_vq7ij")
region = Rect2(160, 238, 32, 32)

[sub_resource type="AtlasTexture" id="AtlasTexture_jxsto"]
atlas = ExtResource("2_vq7ij")
region = Rect2(0, 80, 32, 32)

[sub_resource type="AtlasTexture" id="AtlasTexture_ffrud"]
atlas = ExtResource("2_vq7ij")
region = Rect2(32, 80, 32, 32)

[sub_resource type="AtlasTexture" id="AtlasTexture_n1ryl"]
atlas = ExtResource("2_vq7ij")
region = Rect2(64, 80, 32, 32)

[sub_resource type="AtlasTexture" id="AtlasTexture_2rbu7"]
atlas = ExtResource("2_vq7ij")
region = Rect2(96, 80, 32, 32)

[sub_resource type="AtlasTexture" id="AtlasTexture_0cvrx"]
atlas = ExtResource("2_vq7ij")
region = Rect2(128, 80, 32, 32)

[sub_resource type="AtlasTexture" id="AtlasTexture_km6dl"]
atlas = ExtResource("2_vq7ij")
region = Rect2(160, 80, 32, 32)

[sub_resource type="AtlasTexture" id="AtlasTexture_30gi5"]
atlas = ExtResource("2_vq7ij")
region = Rect2(0, 160, 32, 32)

[sub_resource type="AtlasTexture" id="AtlasTexture_xv2yr"]
atlas = ExtResource("2_vq7ij")
region = Rect2(32, 160, 32, 32)

[sub_resource type="AtlasTexture" id="AtlasTexture_cpiic"]
atlas = ExtResource("2_vq7ij")
region = Rect2(64, 160, 32, 32)

[sub_resource type="AtlasTexture" id="AtlasTexture_lwxhs"]
atlas = ExtResource("2_vq7ij")
region = Rect2(96, 160, 32, 32)

[sub_resource type="AtlasTexture" id="AtlasTexture_0kuaj"]
atlas = ExtResource("2_vq7ij")
region = Rect2(128, 160, 32, 32)

[sub_resource type="AtlasTexture" id="AtlasTexture_y4k1v"]
atlas = ExtResource("2_vq7ij")
region = Rect2(160, 160, 32, 32)

[sub_resource type="AtlasTexture" id="AtlasTexture_rayps"]
atlas = ExtResource("3_sgc2u")
region = Rect2(0, 0, 32, 32)

[sub_resource type="AtlasTexture" id="AtlasTexture_5d5f0"]
atlas = ExtResource("3_sgc2u")
region = Rect2(32, 0, 32, 32)

[sub_resource type="AtlasTexture" id="AtlasTexture_qserh"]
atlas = ExtResource("3_sgc2u")
region = Rect2(64, 0, 32, 32)

[sub_resource type="AtlasTexture" id="AtlasTexture_dq4e6"]
atlas = ExtResource("3_sgc2u")
region = Rect2(96, 0, 32, 32)

[sub_resource type="AtlasTexture" id="AtlasTexture_s4byy"]
atlas = ExtResource("3_sgc2u")
region = Rect2(0, 239, 32, 32)

[sub_resource type="AtlasTexture" id="AtlasTexture_jgh0l"]
atlas = ExtResource("3_sgc2u")
region = Rect2(32, 239, 32, 32)

[sub_resource type="AtlasTexture" id="AtlasTexture_vqkvn"]
atlas = ExtResource("3_sgc2u")
region = Rect2(64, 239, 32, 32)

[sub_resource type="AtlasTexture" id="AtlasTexture_xuevu"]
atlas = ExtResource("3_sgc2u")
region = Rect2(96, 239, 32, 32)

[sub_resource type="AtlasTexture" id="AtlasTexture_dy0b2"]
atlas = ExtResource("3_sgc2u")
region = Rect2(0, 79, 32, 32)

[sub_resource type="AtlasTexture" id="AtlasTexture_lafw4"]
atlas = ExtResource("3_sgc2u")
region = Rect2(32, 79, 32, 32)

[sub_resource type="AtlasTexture" id="AtlasTexture_kx5l1"]
atlas = ExtResource("3_sgc2u")
region = Rect2(64, 79, 32, 32)

[sub_resource type="AtlasTexture" id="AtlasTexture_xfn57"]
atlas = ExtResource("3_sgc2u")
region = Rect2(96, 79, 32, 32)

[sub_resource type="AtlasTexture" id="AtlasTexture_843so"]
atlas = ExtResource("3_sgc2u")
region = Rect2(0, 160, 32, 32)

[sub_resource type="AtlasTexture" id="AtlasTexture_ow7ct"]
atlas = ExtResource("3_sgc2u")
region = Rect2(32, 160, 32, 32)

[sub_resource type="AtlasTexture" id="AtlasTexture_3ok3x"]
atlas = ExtResource("3_sgc2u")
region = Rect2(64, 160, 32, 32)

[sub_resource type="AtlasTexture" id="AtlasTexture_02lnb"]
atlas = ExtResource("3_sgc2u")
region = Rect2(96, 160, 32, 32)

[sub_resource type="SpriteFrames" id="SpriteFrames_t0eh6"]
animations = [{
"frames": [{
"duration": 1.0,
"texture": SubResource("AtlasTexture_oinv8")
}, {
"duration": 1.0,
"texture": SubResource("AtlasTexture_bepo0")
}, {
"duration": 1.0,
"texture": SubResource("AtlasTexture_tyflc")
}, {
"duration": 1.0,
"texture": SubResource("AtlasTexture_g38qv")
}, {
"duration": 1.0,
"texture": SubResource("AtlasTexture_i11jv")
}, {
"duration": 1.0,
"texture": SubResource("AtlasTexture_x01y2")
}],
"loop": true,
"name": &"idle_down",
"speed": 2.0
}, {
"frames": [{
"duration": 1.0,
"texture": SubResource("AtlasTexture_yclmw")
}, {
"duration": 1.0,
"texture": SubResource("AtlasTexture_mynws")
}, {
"duration": 1.0,
"texture": SubResource("AtlasTexture_x1563")
}, {
"duration": 1.0,
"texture": SubResource("AtlasTexture_dnbe2")
}, {
"duration": 1.0,
"texture": SubResource("AtlasTexture_3crqn")
}, {
"duration": 1.0,
"texture": SubResource("AtlasTexture_0pc7n")
}],
"loop": true,
"name": &"idle_left",
"speed": 2.0
}, {
"frames": [{
"duration": 1.0,
"texture": SubResource("AtlasTexture_jxsto")
}, {
"duration": 1.0,
"texture": SubResource("AtlasTexture_ffrud")
}, {
"duration": 1.0,
"texture": SubResource("AtlasTexture_n1ryl")
}, {
"duration": 1.0,
"texture": SubResource("AtlasTexture_2rbu7")
}, {
"duration": 1.0,
"texture": SubResource("AtlasTexture_0cvrx")
}, {
"duration": 1.0,
"texture": SubResource("AtlasTexture_km6dl")
}],
"loop": true,
"name": &"idle_right",
"speed": 2.0
}, {
"frames": [{
"duration": 1.0,
"texture": SubResource("AtlasTexture_30gi5")
}, {
"duration": 1.0,
"texture": SubResource("AtlasTexture_xv2yr")
}, {
"duration": 1.0,
"texture": SubResource("AtlasTexture_cpiic")
}, {
"duration": 1.0,
"texture": SubResource("AtlasTexture_lwxhs")
}, {
"duration": 1.0,
"texture": SubResource("AtlasTexture_0kuaj")
}, {
"duration": 1.0,
"texture": SubResource("AtlasTexture_y4k1v")
}],
"loop": true,
"name": &"idle_up",
"speed": 2.0
}, {
"frames": [{
"duration": 1.0,
"texture": SubResource("AtlasTexture_rayps")
}, {
"duration": 1.0,
"texture": SubResource("AtlasTexture_5d5f0")
}, {
"duration": 1.0,
"texture": SubResource("AtlasTexture_qserh")
}, {
"duration": 1.0,
"texture": SubResource("AtlasTexture_dq4e6")
}],
"loop": true,
"name": &"walk_down",
"speed": 5.0
}, {
"frames": [{
"duration": 1.0,
"texture": SubResource("AtlasTexture_s4byy")
}, {
"duration": 1.0,
"texture": SubResource("AtlasTexture_jgh0l")
}, {
"duration": 1.0,
"texture": SubResource("AtlasTexture_vqkvn")
}, {
"duration": 1.0,
"texture": SubResource("AtlasTexture_xuevu")
}],
"loop": true,
"name": &"walk_left",
"speed": 5.0
}, {
"frames": [{
"duration": 1.0,
"texture": SubResource("AtlasTexture_dy0b2")
}, {
"duration": 1.0,
"texture": SubResource("AtlasTexture_lafw4")
}, {
"duration": 1.0,
"texture": SubResource("AtlasTexture_kx5l1")
}, {
"duration": 1.0,
"texture": SubResource("AtlasTexture_xfn57")
}],
"loop": true,
"name": &"walk_right",
"speed": 5.0
}, {
"frames": [{
"duration": 1.0,
"texture": SubResource("AtlasTexture_843so")
}, {
"duration": 1.0,
"texture": SubResource("AtlasTexture_ow7ct")
}, {
"duration": 1.0,
"texture": SubResource("AtlasTexture_3ok3x")
}, {
"duration": 1.0,
"texture": SubResource("AtlasTexture_02lnb")
}],
"loop": true,
"name": &"walk_up",
"speed": 5.0
}]

[sub_resource type="RectangleShape2D" id="RectangleShape2D_1jkow"]
size = Vector2(23, 23)

[node name="Player(tile-based)" type="CharacterBody2D"]
script = ExtResource("1_gtc8q")

[node name="AnimatedSprite2D" type="AnimatedSprite2D" parent="."]
sprite_frames = SubResource("SpriteFrames_t0eh6")
animation = &"walk_down"

[node name="RayCast2D" type="RayCast2D" parent="."]
target_position = Vector2(0, -16)

[node name="CollisionShape2D" type="CollisionShape2D" parent="."]
position = Vector2(0.5, -0.5)
shape = SubResource("RectangleShape2D_1jkow")
